
@misc{unicap,
  author = {Slominski, Tristan},
  title = {Towards a Universal Implementation of Unforgeable Actor Addresses},
  month = {Oct},
  year = {2013},
  howpublished = {\url{http://www.dalnefre.com/wp/2013/10/towards-a-universal-implementation-of-unforgeable-actor-addresses/}},
  note = {Accessed: 2015-06-10}
}

@misc{nacl,
    author = {Daniel J. Bernstein and Tanja Lange and Peter Schwabe},
    title = {The security impact of a new cryptographic library},
    howpublished = {Cryptology ePrint Archive, Report 2011/646},
    year = {2011},
}

@misc{tahoe,
    author = {Zooko Wilcox-O'Hearn and Brian Warner},
    title = {Tahoe – The Least-Authority Filesystem},
    howpublished = {Cryptology ePrint Archive, Report 2012/524},
    year = {2012},
}

@misc{curvecp,
  author = {Bernstein, Daniel},
  title = {CurveCP: Usable security for the Internet},
  month = {Feb},
  year = {2011},
  howpublished = {\url{http://curvecp.org/index.html}},
  note = {Accessed: 2015-06-10}
}

@INPROCEEDINGS{cpa,
    author = {John Kelsey and Bruce Schneier and David Wagner},
    title = {Protocol Interactions and the Chosen Protocol Attack},
    booktitle = {In Proc. 1997 Security Protocols Workshop},
    year = {1997},
    pages = {91--104},
    publisher = {Springer-Verlag}
}

@MISC{ndic,
    author = {Whitfield Diffie and Martin E. Hellman},
    title = {New Directions in Cryptography},
    year = {1976}
}

@MISC{aake,
    author = {Whitfield Diffie and Paul C. van Oorschot and Michael J. Wiener},
    title = {Authentication and Authenticated Key Exchanges },
    year = {1992}
}

@INPROCEEDINGS{sigma,
    author = {Hugo Krawczyk},
    title = {SIGMA: the ‘SIGn-and-MAc’ Approach to Authenticated Diffie-Hellman and its},
    booktitle = {Use in the IKE Protocols”, full version. http://www.ee.technion.ac.il/~hugo/sigma.html},
    year = {}
}

@inproceedings{nacl,
 author = {Bernstein, Daniel J. and Lange, Tanja and Schwabe, Peter},
 title = {The Security Impact of a New Cryptographic Library},
 booktitle = {Proceedings of the 2Nd International Conference on Cryptology and Information Security in Latin America},
 series = {LATINCRYPT'12},
 year = {2012},
 isbn = {978-3-642-33480-1},
 location = {Santiago, Chile},
 pages = {159--176},
 numpages = {18},
 url = {http://dx.doi.org/10.1007/978-3-642-33481-8_9},
 doi = {10.1007/978-3-642-33481-8_9},
 acmid = {2406735},
 publisher = {Springer-Verlag},
 address = {Berlin, Heidelberg},
 keywords = {confidentiality, integrity, security, simplicity, speed},
} 

